@thesis{hospitace-funkce,
  author    = {Anna Culková},
  title     = {Hospitace a její funkce: bakalářská práce},
  year      = {2008},
  location  = {Brno},
  note      = {Dostupné z~\url{https://is.muni.cz/th/eqeju/Bakalarska_prace_-_AC.pdf} [Cit.~23.~2.~2025]}
}
% obec pokec kompletní zdroj, hospitací to nekončí, ale začíná. Taky "hospitace v jídelně


@book{ped-proces-rizeni,
  author    = {Václav Trojan and {kol.}},
  title     = {Pedagogický proces a jeho řízení},
  publisher = {Národní ústav pro vzdělávání, PedF UK},
  address   = {Praha},
  year      = {2012}
}

@online{ucime-ucit-se,
  author    = {Hana Kasíková and Vojtěch Žák},
  title     = {Učíme děti učit se - hospitační arch},
  year      = {2011},
  publisher = {Národní ústav pro vzdělávání},
  address   = {Praha},
  isbn      = {978-80-87063-50-7},
  note      = {Dostupné z~\url{https://www.nuov.cz/uploads/AE/evaluacni_nastroje/12_Ucime_deti_ucit_se.pdf} [Cit.~23.~2.~2025]}
}
%Nástroj pro učitele - kompetence k učení, třikrát opakovaný cyklus pozorování. Strukturované hodnocení (++ /-)


@online{metody-a-formy,
  author    = {Vojtěch Žák},
  title     = {Metody a formy výuky - hospitační arch},
  year      = {2012},
  publisher = {Národní ústav pro vzdělávání},
  address   = {Praha},
  isbn      = {978-80-87063-61-3},
  note      = {Dostupné z~\url{https://nuov.cz/uploads/AE/evaluacni_nastroje/11_Metody_a_formy_vyuky.pdf} [Cit.~23.~2.~2025]}
}
%Nástroj pro učitele - peer hospitace, pro zamyšlení, jestli výuka splňuje cíle a jestli k tomu zvolené metody fungují. Strukturované hodnocení (++ /-)


@inproceedings{rozvijejici-hospitace,
  author    = {Tomáš Janík},
  title     = {Rozvíjející hospitace aneb o poznávání a sdílení v učitelské profesi},
  booktitle = {Setkání učitelů matematiky všech typů a stupňů škol 2014},
  year      = {2014},
  isbn      = {978-80-86843-45-2},
  note      = {Dostupné z~\url{https://8d8f55af62.clvaw-cdnwnd.com/0023db53731df613e31376e312bef977/200000183-949cf949d1/srni2014.pdf} [Cit.~23.~2.~2025]}
}
%nejsou nástrojem kontroly výkonu, ale podporují profesní rozvoj učitele: rozvíjející hospitace. Tím je odlišujeme od tzv. kontrolních hospitací
% rozvíjející hospitace - není nástroj kontroly, pomáhá analyzovat situaci ve vzdělávání


@book{autoevaluace-zahranici,
  author    = {Daniela Vrabcová and Lucie Procházková and Karel Rýdl},
  title     = {Autoevaluace školy v zahraničí},
  publisher = {Národní ústav pro vzdělávání, školské poradenské zařízení a zařízení pro další vzdělávání pedagogických pracovníků},
  year      = {2012},
  isbn      = {978-80-87063-75-0},
  note      = {Dostupné z~\url{https://www.nuov.cz/uploads/AE/publikace/Autoevaluace_skoly_v_zahranici.pdf} [Cit.~23.~2.~2025]}
}

@thesis{hospitace-prostredek,
  author    = {Dana Krulišová},
  title     = {Hospitace jako prostředek zvyšování kvality a evaluační nástroj, bakalářská práce},
  year      = {2008},
  location  = {Praha},
  note      = {Dostupné z~\url{https://dspace.cuni.cz/bitstream/handle/20.500.11956/15525/BPTX_2007_2_11410_OSZD001_81548_0_59417.pdf?sequence=1} [Cit.~23.~2.~2025]}
}
%Za největší úspěch hospitujícího je považováno, když sám učitel označí, co se mu v hodině povedlo a naopak, kde cítí své reservy. Určí slabá místa v hodině a doporučí způsob, jak je odstranit ke spokojenosti obou zúčastněných.

%hospitační arch - formální "odškrtávání" kolonek - bylo/nebylo v hodině přítomno 


@book{nastroje-hodnoceni,
  author    = {Viera Jakubovská and {kol.}},
  title     = {Nástroje hodnotenia vybraných kompetencií učiteľa},
  publisher = {Albert Boskovice},
  year      = {2017},
  isbn      = {978-80-7326-283-9}
}


% \bibitem{hospitace-hodnocení} K. Holčáková. \emph{Hospitace a~její funkce, seminární práce}. Zlín. 2015. Dostupné z~\url{https://is.muni.cz/www/pacholik/Hospitace__hodnoceni_pracovniku_a_jejich_vykonu.pdf} [Cit. 23. 2. 2025]
% % pokec obec slabý
